% Encoding: UTF-8

@Book{Crouzeix2017,
  title   = {Análisis convexo},
  year    = {2017},
  author  = {Crouzeix, Jean-Pierre and Ocaña Aanaya, Eladio},
  address = {Lima},
  month   = may,
}

@Comment{jabref-meta: databaseType:bibtex;}
